<record><leader>00000cas a22000007a 4500</leader><controlfield tag="001">27780309</controlfield><controlfield tag="008">930323d190u1965ncucr ne      0    0eng d</controlfield><datafield ind1=" " ind2=" " tag="010"><subfield code="a">sn 93065779 </subfield></datafield><datafield ind1=" " ind2=" " tag="040"><subfield code="a">NVJ</subfield><subfield code="b">eng</subfield><subfield code="c">NVJ</subfield><subfield code="d">OCLCQ</subfield><subfield code="d">OCLCF</subfield><subfield code="d">OCLCO</subfield></datafield><datafield ind1=" " ind2=" " tag="042"><subfield code="a">msc</subfield></datafield><datafield ind1=" " ind2=" " tag="043"><subfield code="a">n-us-nc</subfield></datafield><datafield ind1="0" ind2=" " tag="130"><subfield code="a">Lincoln times (Lincolnton, N.C.)</subfield></datafield><datafield ind1="1" ind2="4" tag="245"><subfield code="a">The Lincoln times.</subfield></datafield><datafield ind1=" " ind2=" " tag="260"><subfield code="a">Lincolnton, N.C. :</subfield><subfield code="b">F.A. Slate</subfield></datafield><datafield ind1=" " ind2=" " tag="300"><subfield code="a">v.</subfield></datafield><datafield ind1=" " ind2=" " tag="310"><subfield code="a">Semiweekly,</subfield><subfield code="b">&lt;Nov. 27, 1933&gt;-Sept. 29, 1965</subfield></datafield><datafield ind1=" " ind2=" " tag="321"><subfield code="a">Weekly,</subfield><subfield code="b">&lt;Oct. 1, 1914&gt;</subfield></datafield><datafield ind1=" " ind2=" " tag="321"><subfield code="a">Semiweekly,</subfield><subfield code="b">&lt;July 18, 1916-Sept. 15, 1925&gt;</subfield></datafield><datafield ind1=" " ind2=" " tag="321"><subfield code="a">Weekly,</subfield><subfield code="b">&lt;Sept. 8, 1927-Mar. 16, 1933&gt;</subfield></datafield><datafield ind1="0" ind2=" " tag="362"><subfield code="a">-v. 58, no. 115 (Sept. 29, 1965).</subfield></datafield><datafield ind1=" " ind2=" " tag="500"><subfield code="a">Issue for Sept. 28, 1959 called, Lincoln County Progress ed.</subfield></datafield><datafield ind1=" " ind2=" " tag="515"><subfield code="a">Vol. numbering dropped with issue for June 27, 1935. Vol. numbering resumed with issue for Jan. 4, 1954 (Vol. 47, no. 1).</subfield></datafield><datafield ind1=" " ind2=" " tag="588"><subfield code="a">Description based on: Vol. 7, no. 51 (Oct. 1, 1914).</subfield></datafield><datafield ind1=" " ind2="0" tag="651"><subfield code="a">Lincolnton (N.C.)</subfield><subfield code="v">Newspapers.</subfield></datafield><datafield ind1=" " ind2="0" tag="651"><subfield code="a">Lincoln County (N.C.)</subfield><subfield code="v">Newspapers.</subfield></datafield><datafield ind1=" " ind2="7" tag="655"><subfield code="a">Newspapers.</subfield><subfield code="2">fast</subfield><subfield code="0">(OCoLC)fst01423814</subfield></datafield><datafield ind1=" " ind2="7" tag="651"><subfield code="a">North Carolina</subfield><subfield code="z">Lincoln County.</subfield><subfield code="2">fast</subfield><subfield code="0">(OCoLC)fst01205888</subfield></datafield><datafield ind1=" " ind2="7" tag="651"><subfield code="a">North Carolina</subfield><subfield code="z">Lincolnton.</subfield><subfield code="2">fast</subfield><subfield code="0">(OCoLC)fst01220516</subfield></datafield><datafield ind1=" " ind2=" " tag="752"><subfield code="a">United States</subfield><subfield code="b">North Carolina</subfield><subfield code="c">Lincoln</subfield><subfield code="d">Lincolnton.</subfield></datafield><datafield ind1="0" ind2="7" tag="785"><subfield code="t">Lincoln County news (Lincolnton, N.C.)</subfield><subfield code="w">(DLC)sn 91068449</subfield></datafield><datafield ind1="0" ind2="7" tag="785"><subfield code="t">Lincoln times-news</subfield><subfield code="w">(DLC)sn 97064616</subfield></datafield></record>